@article{Babak:2016tgq,
      author         = "Babak, Stanislav and Taracchini, Andrea and Buonanno,
                        Alessandra",
      title          = "{Validating the effective-one-body model of spinning,
                        precessing binary black holes against numerical
                        relativity}",
      journal        = "Phys. Rev.",
      volume         = "D95",
      year           = "2017",
      number         = "2",
      pages          = "024010",
      doi            = "10.1103/PhysRevD.95.024010",
      eprint         = "1607.05661",
      archivePrefix  = "arXiv",
      primaryClass   = "gr-qc",
      SLACcitation   = "%%CITATION = ARXIV:1607.05661;%%"
}

@article{Bohe:2016gbl,
      author         = "Boh√©, Alejandro and others",
      title          = "{Improved effective-one-body model of spinning,
                        nonprecessing binary black holes for the era of
                        gravitational-wave astrophysics with advanced detectors}",
      journal        = "Phys. Rev.",
      volume         = "D95",
      year           = "2017",
      number         = "4",
      pages          = "044028",
      doi            = "10.1103/PhysRevD.95.044028",
      eprint         = "1611.03703",
      archivePrefix  = "arXiv",
      primaryClass   = "gr-qc",
      reportNumber   = "LIGO-P1600315",
      SLACcitation   = "%%CITATION = ARXIV:1611.03703;%%"
}

@article{Hinderer:2016eia,
      author         = "Hinderer, Tanja and others",
      title          = "{Effects of neutron-star dynamic tides on gravitational
                        waveforms within the effective-one-body approach}",
      journal        = "Phys. Rev. Lett.",
      volume         = "116",
      year           = "2016",
      number         = "18",
      pages          = "181101",
      doi            = "10.1103/PhysRevLett.116.181101",
      eprint         = "1602.00599",
      archivePrefix  = "arXiv",
      primaryClass   = "gr-qc",
      SLACcitation   = "%%CITATION = ARXIV:1602.00599;%%"
}

@article{Taracchini:2013rva,
      author         = "Taracchini, Andrea and others",
      title          = "{Effective-one-body model for black-hole binaries with
                        generic mass ratios and spins}",
      journal        = "Phys. Rev.",
      volume         = "D89",
      year           = "2014",
      number         = "6",
      pages          = "061502",
      doi            = "10.1103/PhysRevD.89.061502",
      eprint         = "1311.2544",
      archivePrefix  = "arXiv",
      primaryClass   = "gr-qc",
      SLACcitation   = "%%CITATION = ARXIV:1311.2544;%%"
}

@article{Nagar:2017jdw,
      author         = "Nagar, Alessandro and Riemenschneider, Gunnar and
                        Pratten, Geraint",
      title          = "{Impact of Numerical Relativity information on
                        effective-one-body waveform models}",
      year           = "2017",
      eprint         = "1703.06814",
      archivePrefix  = "arXiv",
      primaryClass   = "gr-qc",
      SLACcitation   = "%%CITATION = ARXIV:1703.06814;%%"
}

@article{Buonanno:1998gg,
      author         = "Buonanno, A. and Damour, T.",
      title          = "{Effective one-body approach to general relativistic
                        two-body dynamics}",
      journal        = "Phys. Rev.",
      volume         = "D59",
      year           = "1999",
      pages          = "084006",
      doi            = "10.1103/PhysRevD.59.084006",
      eprint         = "gr-qc/9811091",
      archivePrefix  = "arXiv",
      primaryClass   = "gr-qc",
      reportNumber   = "IHES-P-98-74",
      SLACcitation   = "%%CITATION = GR-QC/9811091;%%"
}

@article{Steinhoff:2016rfi,
      author         = "Steinhoff, Jan and Hinderer, Tanja and Buonanno,
                        Alessandra and Taracchini, Andrea",
      title          = "{Dynamical Tides in General Relativity: Effective Action
                        and Effective-One-Body Hamiltonian}",
      journal        = "Phys. Rev.",
      volume         = "D94",
      year           = "2016",
      number         = "10",
      pages          = "104028",
      doi            = "10.1103/PhysRevD.94.104028",
      eprint         = "1608.01907",
      archivePrefix  = "arXiv",
      primaryClass   = "gr-qc",
      SLACcitation   = "%%CITATION = ARXIV:1608.01907;%%"
}

@article{Hinderer:2016eia,
      author         = "Hinderer, Tanja and others",
      title          = "{Effects of neutron-star dynamic tides on gravitational
                        waveforms within the effective-one-body approach}",
      journal        = "Phys. Rev. Lett.",
      volume         = "116",
      year           = "2016",
      number         = "18",
      pages          = "181101",
      doi            = "10.1103/PhysRevLett.116.181101",
      eprint         = "1602.00599",
      archivePrefix  = "arXiv",
      primaryClass   = "gr-qc",
      SLACcitation   = "%%CITATION = ARXIV:1602.00599;%%"
}

@article{Dietrich:2017feu,
      author         = "Dietrich, Tim and Hinderer, Tanja",
      title          = "{Comprehensive comparison of numerical relativity and
                        effective-one-body results to inform improvements in
                        waveform models for binary neutron star systems}",
      journal        = "Phys. Rev.",
      volume         = "D95",
      year           = "2017",
      number         = "12",
      pages          = "124006",
      doi            = "10.1103/PhysRevD.95.124006",
      eprint         = "1702.02053",
      archivePrefix  = "arXiv",
      primaryClass   = "gr-qc",
      SLACcitation   = "%%CITATION = ARXIV:1702.02053;%%"
}

@article{Damour:2012yf,
      author         = "Damour, Thibault and Nagar, Alessandro and Villain, Loic",
      title          = "{Measurability of the tidal polarizability of neutron
                        stars in late-inspiral gravitational-wave signals}",
      journal        = "Phys. Rev.",
      volume         = "D85",
      year           = "2012",
      pages          = "123007",
      doi            = "10.1103/PhysRevD.85.123007",
      eprint         = "1203.4352",
      archivePrefix  = "arXiv",
      primaryClass   = "gr-qc",
      SLACcitation   = "%%CITATION = ARXIV:1203.4352;%%"
}